@inproceedings{jung2018multi,
  author={Jung, Sungwook and Song, Seungwon and Youn, Pillip and Myung, Hyun},
  title={Multi-layer coverage path planner for autonomous structural inspection of high-rise structures},
  booktitle={2018 IEEE/RSJ International Conference on Intelligent Robots and Systems (IROS)},
  pages={1--9},
  year={2018},
  organization={IEEE}
}
